<?xml version="1.0" encoding="UTF-8"?><collection xmlns="http://www.loc.gov/MARC21/slim"><record><leader>00387nam--2200133-i-4500</leader><controlfield tag="001">000039803</controlfield><controlfield tag="002">20161230</controlfield><controlfield tag="005">20161230201042</controlfield><controlfield tag="008">060222s1000------------r-----000-0-eng-d</controlfield><datafield ind1=" " ind2=" " tag="080"><subfield code="a">001.818:614.898</subfield></datafield><datafield ind1=" " ind2=" " tag="100"><subfield code="a">Rothe, W., Konig, W., Larssen, A</subfield></datafield><datafield ind1=" " ind2=" " tag="245"><subfield code="a">Die beruglige strahlenbelastrung 1970 in der ddr</subfield></datafield><datafield ind1=" " ind2=" " tag="260"><subfield code="a">Berlin, Staatliche Zentrale Strahlenschutz, 1972, 22p</subfield></datafield><datafield ind1=" " ind2=" " tag="852"><subfield code="a">37969</subfield></datafield></record></collection>